<record><leader>00000cas a22000007a 4500</leader><controlfield tag="001">20720666</controlfield><controlfield tag="008">891201d19041907ohucn ne      0    0eng d</controlfield><datafield ind1=" " ind2=" " tag="010"><subfield code="a">sn 89075055 </subfield></datafield><datafield ind1=" " ind2=" " tag="040"><subfield code="a">ONP</subfield><subfield code="b">eng</subfield><subfield code="c">ONP</subfield><subfield code="d">OCLCQ</subfield></datafield><datafield ind1=" " ind2=" " tag="042"><subfield code="a">msc</subfield></datafield><datafield ind1="0" ind2="4" tag="245"><subfield code="a">The Courier-Union.</subfield></datafield><datafield ind1=" " ind2=" " tag="260"><subfield code="a">Findlay, Ohio :</subfield><subfield code="b">[s.n.],</subfield><subfield code="c">1904-1907.</subfield></datafield><datafield ind1=" " ind2=" " tag="300"><subfield code="a">v.</subfield></datafield><datafield ind1=" " ind2=" " tag="310"><subfield code="a">Semiweekly</subfield></datafield><datafield ind1="0" ind2=" " tag="362"><subfield code="a">(Apr. 19, 1904)-(Apr. 12, 1907).</subfield></datafield><datafield ind1=" " ind2=" " tag="752"><subfield code="a">United States</subfield><subfield code="b">Ohio</subfield><subfield code="c">Hancock</subfield><subfield code="d">Findlay.</subfield></datafield><datafield ind1="0" ind2="4" tag="780"><subfield code="t">Findlay union</subfield><subfield code="w">(DLC)sn 87076641</subfield></datafield><datafield ind1="0" ind2="4" tag="780"><subfield code="t">Hancock courier (Findlay, Ohio : 1851)</subfield><subfield code="w">(DLC)sn 85038253</subfield></datafield><datafield ind1="0" ind2="0" tag="785"><subfield code="t">Hancock courier (Findlay, Ohio : 1907)</subfield><subfield code="w">(DLC)sn 90068668</subfield></datafield><datafield ind1="1" ind2=" " tag="029"><subfield code="a">AU@</subfield><subfield code="b">000025876304</subfield></datafield></record>